% This file was created with JabRef 2.10b2.
% Encoding: UTF-8

@article{DBLP:journals/tplp/TsilionisKNDA19,
  author    = {Efthimis Tsilionis and
               Nikolaos Koutroumanis and
               Panagiotis Nikitopoulos and
               Christos Doulkeridis and
               Alexander Artikis},
  title     = {Online Event Recognition from Moving Vehicles: Application Paper},
  journal   = {{TPLP}},
  volume    = {19},
  number    = {5-6},
  pages     = {841--856},
  year      = {2019},
  url       = {https://doi.org/10.1017/S147106841900022X},
  doi       = {10.1017/S147106841900022X},
  timestamp = {Sat, 12 Oct 2019 12:50:31 +0200},
  biburl    = {https://dblp.org/rec/bib/journals/tplp/TsilionisKNDA19},
  bibsource = {dblp computer science bibliography, https://dblp.org}
}

@inproceedings{DBLP:conf/debs/PitsikalisADRCJ19,
  author    = {Manolis Pitsikalis and
               Alexander Artikis and
               Richard Dreo and
               Cyril Ray and
               Elena Camossi and
               Anne{-}Laure Jousselme},
  title     = {Composite Event Recognition for Maritime Monitoring},
  booktitle = {Proceedings of the 13th {ACM} International Conference on Distributed
               and Event-based Systems, {DEBS} 2019, Darmstadt, Germany, June 24-28,
               2019.},
  pages     = {163--174},
  year      = {2019},
  crossref  = {DBLP:conf/debs/2019},
  url       = {https://doi.org/10.1145/3328905.3329762},
  doi       = {10.1145/3328905.3329762},
  timestamp = {Tue, 18 Jun 2019 11:02:43 +0200},
  biburl    = {https://dblp.org/rec/bib/conf/debs/PitsikalisADRCJ19},
  bibsource = {dblp computer science bibliography, https://dblp.org}
}

@MISC{EPTSglossary,
  author = {D. Luckham and R. Schulte},
  title = {Event Processing Glossary --- Version 1.1},
  howpublished = {Event Processing Technical Society},
  month = {July},
  year = {2008},
  owner = {alex},
  timestamp = {2010.10.21}
}


@INCOLLECTION{local-strat,
  author = {T. Przymusinski},
  title = {On the Declarative Semantics of Stratified Deductive Databases and
	Logic Programs},
  booktitle = {Foundations of Deductive Databases and Logic Programming},
  publisher = {Morgan},
  year = {1987},
  owner = {alex},
  timestamp = {2014.03.10}
}

@InProceedings{DBLP:conf/bigdataconf/AlevizosAPVTP15,
  Title                    = {How not to drown in a sea of information: An event recognition approach},
  Author                   = {Elias Alevizos and Alexander Artikis and Kostas Patroumpas and Marios Vodas and Yannis Theodoridis and Nikos Pelekis},
  Booktitle                = {2015 {IEEE} International Conference on Big Data, Big Data 2015, Santa Clara, CA, USA, October 29 - November 1, 2015},
  Year                     = {2015},
  Pages                    = {984--990},

  Bibsource                = {dblp computer science bibliography, http://dblp.org},
  Biburl                   = {http://dblp.uni-trier.de/rec/bib/conf/bigdataconf/AlevizosAPVTP15},
  Crossref                 = {DBLP:conf/bigdataconf/2015},
  Doi                      = {10.1109/BigData.2015.7363849},
  Timestamp                = {Fri, 08 Jan 2016 13:52:01 +0100},
  Url                      = {http://dx.doi.org/10.1109/BigData.2015.7363849}
}

@InProceedings{DBLP:conf/debs/ArtikisSP12,
  Title                    = {Run-time composite event recognition},
  Author                   = {Alexander Artikis and Marek J. Sergot and Georgios Paliouras},
  Booktitle                = {Proceedings of the Sixth {ACM} International Conference on Distributed Event-Based Systems, {DEBS} 2012, Berlin, Germany, July 16-20, 2012},
  Year                     = {2012},
  Pages                    = {69--80},

  Bibsource                = {dblp computer science bibliography, http://dblp.org},
  Biburl                   = {http://dblp.uni-trier.de/rec/bib/conf/debs/ArtikisSP12},
  Crossref                 = {DBLP:conf/debs/2012},
  Doi                      = {10.1145/2335484.2335492},
  Timestamp                = {Fri, 07 Sep 2012 11:05:52 +0200},
  Url                      = {http://doi.acm.org/10.1145/2335484.2335492}
}

@InProceedings{DBLP:conf/bigdataconf/ArtikisWGKG13,
  Title                    = {Self-adaptive event recognition for intelligent transport management},
  Author                   = {Alexander Artikis and Matthias Weidlich and Avigdor Gal and Vana Kalogeraki and Dimitrios Gunopulos},
  Booktitle                = {Proceedings of the 2013 {IEEE} International Conference on Big Data, 6-9 October 2013, Santa Clara, CA, {USA}},
  Year                     = {2013},
  Pages                    = {319--325},

  Bibsource                = {dblp computer science bibliography, http://dblp.org},
  Biburl                   = {http://dblp.uni-trier.de/rec/bib/conf/bigdataconf/ArtikisWGKG13},
  Crossref                 = {DBLP:conf/bigdataconf/2013},
  Doi                      = {10.1109/BigData.2013.6691590},
  Timestamp                = {Fri, 19 Dec 2014 16:49:47 +0100},
  Url                      = {http://dx.doi.org/10.1109/BigData.2013.6691590}
}

@InProceedings{DBLP:conf/edbt/ArtikisWSBLPBMKMGMGK14,
  Title                    = {Heterogeneous Stream Processing and Crowdsourcing for Urban Traffic Management},
  Author                   = {Alexander Artikis and Matthias Weidlich and Fran{\c{c}}ois Schnitzler and Ioannis Boutsis and Thomas Liebig and Nico Piatkowski and Christian Bockermann and Katharina Morik and Vana Kalogeraki and Jakub Marecek and Avigdor Gal and Shie Mannor and Dimitrios Gunopulos and Dermot Kinane},
  Booktitle                = {Proceedings of the 17th International Conference on Extending Database Technology, {EDBT} 2014, Athens, Greece, March 24-28, 2014.},
  Year                     = {2014},
  Pages                    = {712--723},

  Bibsource                = {dblp computer science bibliography, http://dblp.org},
  Biburl                   = {http://dblp.uni-trier.de/rec/bib/conf/edbt/ArtikisWSBLPBMKMGMGK14},
  Crossref                 = {DBLP:conf/edbt/2014},
  Doi                      = {10.5441/002/edbt.2014.77},
  Timestamp                = {Mon, 16 Mar 2015 16:59:55 +0100},
  Url                      = {http://dx.doi.org/10.5441/002/edbt.2014.77}
}

@InProceedings{DBLP:conf/edbt/PatroumpasAKVTP15,
  Title                    = {Event Recognition for Maritime Surveillance},
  Author                   = {Kostas Patroumpas and Alexander Artikis and Nikos Katzouris and Marios Vodas and Yannis Theodoridis and Nikos Pelekis},
  Booktitle                = {Proceedings of the 18th International Conference on Extending Database Technology, {EDBT} 2015, Brussels, Belgium, March 23-27, 2015.},
  Year                     = {2015},
  Pages                    = {629--640},

  Bibsource                = {dblp computer science bibliography, http://dblp.org},
  Biburl                   = {http://dblp.uni-trier.de/rec/bib/conf/edbt/PatroumpasAKVTP15},
  Crossref                 = {DBLP:conf/edbt/2015},
  Doi                      = {10.5441/002/edbt.2015.63},
  Timestamp                = {Mon, 16 Mar 2015 17:18:38 +0100},
  Url                      = {http://dx.doi.org/10.5441/002/edbt.2015.63}
}

@Article{DBLP:journals/tkde/ArtikisSP15,
  Title                    = {An Event Calculus for Event Recognition},
  Author                   = {Alexander Artikis and Marek J. Sergot and Georgios Paliouras},
  Journal                  = {{IEEE} Trans. Knowl. Data Eng.},
  Year                     = {2015},
  Number                   = {4},
  Pages                    = {895--908},
  Volume                   = {27},

  Bibsource                = {dblp computer science bibliography, http://dblp.org},
  Biburl                   = {http://dblp.uni-trier.de/rec/bib/journals/tkde/ArtikisSP15},
  Doi                      = {10.1109/TKDE.2014.2356476},
  Timestamp                = {Mon, 16 Mar 2015 13:04:43 +0100},
  Url                      = {http://dx.doi.org/10.1109/TKDE.2014.2356476}
}

@Article{DBLP:journals/ngc/KowalskiS86,
  Title                    = {A Logic-based Calculus of Events},
  Author                   = {Robert A. Kowalski and Marek J. Sergot},
  Journal                  = {New Generation Comput.},
  Year                     = {1986},
  Number                   = {1},
  Pages                    = {67--95},
  Volume                   = {4},

  Bibsource                = {dblp computer science bibliography, http://dblp.org},
  Biburl                   = {http://dblp.uni-trier.de/rec/bib/journals/ngc/KowalskiS86},
  Doi                      = {10.1007/BF03037383},
  Timestamp                = {Wed, 25 May 2011 16:33:18 +0200},
  Url                      = {http://dx.doi.org/10.1007/BF03037383}
}

